@inproceedings{barnett:icse2015,
    author = {Mike Barnett and Christian Bird and Jo\~{a}o Brunet and Shuvendu
              K. Lahiri},
    title = {Helping Developers Help Themselves: Automatic Decomposition of Code
             Review Changesets},
    booktitle = {37th {IEEE/ACM} International Conference on Software
                 Engineering, {ICSE}},
    pages = {134--144},
    year = {2015},
}

@inproceedings{tao:msr2015,
    title = {Partitioning composite code changes to facilitate code review},
    author = {Tao, Yida and Kim, Sunghun},
    booktitle = {2015 IEEE/ACM 12th Working Conference on Mining Software
                 Repositories},
    pages = {180--190},
    year = {2015},
    organization = {IEEE},
}

@inproceedings{wang:ase2019,
    title = {Cora: Decomposing and describing tangled code changes for reviewer},
    author = {Wang, Min and Lin, Zeqi and Zou, Yanzhen and Xie, Bing},
    booktitle = {2019 34th IEEE/ACM International Conference on Automated
                 Software Engineering (ASE)},
    pages = {1050--1061},
    year = {2019},
    organization = {IEEE},
}

@article{huang:tse2020,
    title = {Code review knowledge perception: Fusing multi-features for
             salient-class location},
    author = {Huang, Yuan and Jia, Nan and Chen, Xiangping and Hong, Kai and
              Zheng, Zibin},
    journal = {IEEE Transactions on Software Engineering},
    volume = {48},
    number = {5},
    pages = {1463--1479},
    year = {2020},
    publisher = {IEEE},
}

@article{wang:ist2021a,
    title = {Automatic patch linkage detection in code review using textual
             content and file location features},
    author = {Wang, Dong and Kula, Raula Gaikovina and Ishio, Takashi and
              Matsumoto, Kenichi},
    journal = {Information and Software Technology},
    volume = {139},
    pages = {106637},
    year = {2021},
    publisher = {Elsevier},
}

@article{fan:emse2018,
    title = {Early prediction of merged code changes to prioritize reviewing
             tasks},
    author = {Fan, Yuanrui and Xia, Xin and Lo, David and Li, Shanping},
    journal = {Empirical Software Engineering},
    volume = {23},
    pages = {3346--3393},
    year = {2018},
    publisher = {Springer},
}

@article{islam:ist2022,
    title = {Early prediction for merged vs abandoned code changes in modern
             code reviews},
    author = {Islam, Khairul and Ahmed, Toufique and Shahriyar, Rifat and Iqbal,
              Anindya and Uddin, Gias},
    journal = {Information and Software Technology},
    volume = {142},
    pages = {106756},
    year = {2022},
    publisher = {Elsevier},
}

@inproceedings{shi:2019,
    author = {Shu-Ting Shi and Ming Li and David Lo and Ferdian Thung and Xuan
              Huo},
    title = {Automatic Code Review by Learning the Revision of Source Code},
    year = {2019},
    isbn = {978-1-57735-809-1},
    publisher = {AAAI Press},
    doi = {10.1609/aaai.v33i01.33014910},
    booktitle = {Proceedings of the Thirty-Third AAAI Conference on Artificial
                 Intelligence and Thirty-First Innovative Applications of
                 Artificial Intelligence Conference and Ninth AAAI Symposium on
                 Educational Advances in Artificial Intelligence},
    articleno = {603},
    numpages = {8},
}

@article{wu:kbs2022,
    author = {Bingting Wu and Bin Liang and Xiaofang Zhang},
    title = {Turn tree into graph: Automatic code review via simplified AST
             driven graph convolutional network},
    journal = {Knowledge-Based Systems},
    volume = {252},
    pages = {109450},
    year = {2022},
    issn = {0950-7051},
    doi = {https://doi.org/10.1016/j.knosys.2022.109450},
}

@article{wu2022contrastive,
    title = {Contrastive Learning for Multi-Modal Automatic Code Review},
    author = {Bingting Wu and Xiaofang Zhang},
    journal = {arXiv preprint arXiv:2205.14289},
    year = {2022},
}

@inproceedings{li:fse2022,
    author = {Li Zhiyu and Lu Shuai and Guo Daya and Duan Nan and Jannu Shailesh
              and Jenks Grant and Majumder Deep and Green Jared and Svyatkovskiy
              Alexey and Fu Shengyu and Neel Sundaresan},
    title = {Automating Code Review Activities by Large-Scale Pre-Training},
    booktitle = {30th {ACM} Joint European Software Engineering Conference and
                 the {ACM/SIGSOFT} International Symposium on the Foundations of
                 Software Engineering {ESEC-FSE}},
    pages = {1035--1047},
    year = {2022},
}

@inproceedings{uchoa:msr2021,
    title = {Predicting design impactful changes in modern code review: A
             large-scale empirical study},
    author = {Uch{\^o}a, Anderson and Barbosa, Caio and Coutinho, Daniel and
              Oizumi, Willian and Assun{\c{c}}ao, Wesley KG and Vergilio, Silvia
              Regina and Pereira, Juliana Alves and Oliveira, Anderson and Garcia
              , Alessandro},
    booktitle = {2021 IEEE/ACM 18th International Conference on Mining Software
                 Repositories (MSR)},
    pages = {471--482},
    year = {2021},
    organization = {IEEE},
}

@inproceedings{wen:icsme2018,
    title = {Blimp tracer: Integrating build impact analysis with code review},
    author = {Wen, Ruiyin and Gilbert, David and Roche, Michael G and McIntosh,
              Shane},
    booktitle = {2018 IEEE International conference on software maintenance and
                 evolution (ICSME)},
    pages = {685--694},
    year = {2018},
    organization = {IEEE},
}

@article{wang:ist2021b,
    title = {Large-scale intent analysis for identifying large-review-effort
             code changes},
    author = {Wang, Song and Bansal, Chetan and Nagappan, Nachiappan},
    journal = {Information and Software Technology},
    volume = {130},
    pages = {106408},
    year = {2021},
    publisher = {Elsevier},
}

@article{zhao:emse2019,
    title = {Improving the pull requests review process using learning-to-rank
             algorithms},
    author = {Zhao, Guoliang and da Costa, Daniel Alencar and Zou, Ying},
    journal = {Empirical Software Engineering},
    volume = {24},
    pages = {2140--2170},
    year = {2019},
    publisher = {Springer},
}

@article{sharma:spe2019,
    title = {Using Stack Overflow content to assist in code review},
    author = {Sharma, Shipra and Sodhi, Balwinder},
    journal = {Software: Practice and Experience},
    volume = {49},
    number = {8},
    pages = {1255--1277},
    year = {2019},
    publisher = {Wiley Online Library},
}

@inproceedings{soltanifar:esem2016,
    title = {Predicting defectiveness of software patches},
    author = {Soltanifar, Behjat and Erdem, Atakan and Bener, Ayse},
    booktitle = {Proceedings of the 10th ACM/IEEE International Symposium on
                 Empirical Software Engineering and Measurement},
    pages = {1--10},
    year = {2016},
}

@inproceedings{chen:compsac2017,
    title = {Tool support for managing clone refactorings to facilitate code
             review in evolving software},
    author = {Chen, Zhiyuan and Mohanavilasam, Maneesh and Kwon, Young-Woo and
              Song, Myoungkyu},
    booktitle = {2017 IEEE 41st Annual Computer Software and Applications
                 Conference (COMPSAC)},
    volume = {1},
    pages = {288--297},
    year = {2017},
    organization = {IEEE},
}

@inproceedings{he:sere2013,
    author = {He, Jiantao and Wang, Linzhang and Zhao, Jianhua},
    booktitle = {2013 IEEE Seventh International Conference on Software Security
                 and Reliability Companion},
    title = {Supporting Automatic Code Review via Design},
    year = {2013},
    volume = {},
    number = {},
    pages = {211-218},
    doi = {10.1109/SERE-C.2013.37},
}

@inproceedings{hong:saner2022,
    title = {Where Should I Look at? Recommending Lines that Reviewers Should
             Pay Attention To},
    author = {Hong, Yang and Tantithamthavorn, Chakkrit Kla and Thongtanunam,
              Patanamon Pick},
    booktitle = {2022 IEEE International Conference on Software Analysis,
                 Evolution and Reengineering (SANER)},
    pages = {1034--1045},
    year = {2022},
    organization = {IEEE},
}

@inproceedings{hong:esecfse2022,
    title = {CommentFinder: a simpler, faster, more accurate code review
             comments recommendation},
    author = {Hong, Yang and Tantithamthavorn, Chakkrit and Thongtanunam,
              Patanamon and Aleti, Aldeida},
    booktitle = {Proceedings of the 30th ACM Joint European Software Engineering
                 Conference and Symposium on the Foundations of Software
                 Engineering},
    pages = {507--519},
    year = {2022},
}

@inproceedings{li.l:esecfse2022,
    title = {AUGER: automatically generating review comments with pre-training
             models},
    author = {Li, Lingwei and Yang, Li and Jiang, Huaxi and Yan, Jun and Luo,
              Tiejian and Hua, Zihan and Liang, Geng and Zuo, Chun},
    booktitle = {Proceedings of the 30th ACM Joint European Software Engineering
                 Conference and Symposium on the Foundations of Software
                 Engineering},
    pages = {1009--1021},
    year = {2022},
}

@inproceedings{tufano:icse2022,
    author = {Rosalia Tufano and Simone Masiero and Antonio Mastropaolo and Luca
              Pascarella and Denys Poshyvanyk and Gabriele Bavota},
    title = {Using Pre-Trained Models to Boost Code Review Automation},
    booktitle = {44th {IEEE/ACM} International Conference on Software
                 Engineering, {ICSE}},
    pages = {2291--2302},
    year = {2022},
}

@inproceedings{balachandran:icse2013,
    title = {Reducing human effort and improving quality in peer code reviews
             using automatic static analysis and reviewer recommendation},
    author = {Balachandran, Vipin},
    booktitle = {2013 35th International Conference on Software Engineering
                 (ICSE)},
    pages = {931--940},
    year = {2013},
    organization = {IEEE},
}

@inproceedings{markovtsev:msr2019,
    title = {STYLE-ANALYZER: fixing code style inconsistencies with
             interpretable unsupervised algorithms},
    author = {Markovtsev, Vadim and Long, Waren and Mougard, Hugo and Slavnov,
              Konstantin and Bulychev, Egor},
    booktitle = {2019 IEEE/ACM 16th International Conference on Mining Software
                 Repositories (MSR)},
    pages = {468--478},
    year = {2019},
    organization = {IEEE},
}

@article{hasan:emse2021,
    title = {Using a balanced scorecard to identify opportunities to improve
             code review effectiveness: An industrial experience report},
    author = {Hasan, Masum and Iqbal, Anindya and Islam, Mohammad Rafid Ul and
              Rahman, AJM Imtiajur and Bosu, Amiangshu},
    journal = {Empirical Software Engineering},
    volume = {26},
    pages = {1--34},
    year = {2021},
    publisher = {Springer},
}

@inproceedings{pangsakulyanont:iwesep2014,
    title = {Assessing MCR discussion usefulness using semantic similarity},
    author = {Pangsakulyanont, Thai and Thongtanunam, Patanamon and Port, Daniel
              and Iida, Hajimu},
    booktitle = {2014 6th International Workshop on Empirical Software
                 Engineering in Practice},
    pages = {49--54},
    year = {2014},
    organization = {IEEE},
}

@inproceedings{rahman:msr2017,
    title = {Predicting usefulness of code review comments using textual
             features and developer experience},
    author = {Rahman, Mohammad Masudur and Roy, Chanchal K and Kula, Raula G},
    booktitle = {2017 IEEE/ACM 14th International Conference on Mining Software
                 Repositories (MSR)},
    pages = {215--226},
    year = {2017},
    organization = {IEEE},
}

@inproceedings{rahman:esem2022,
    title = {Example Driven Code Review Explanation},
    author = {Rahman, Shadikur and Koana, Umme Ayman and Nayebi, Maleknaz},
    booktitle = {Proceedings of the 16th ACM/IEEE International Symposium on
                 Empirical Software Engineering and Measurement},
    pages = {307--312},
    year = {2022},
}

@inproceedings{ahmed:ase2017,
    title = {SentiCR: a customized sentiment analysis tool for code review
             interactions},
    author = {Ahmed, Toufique and Bosu, Amiangshu and Iqbal, Anindya and Rahimi,
              Shahram},
    booktitle = {2017 32nd IEEE/ACM International Conference on Automated
                 Software Engineering (ASE)},
    pages = {106--111},
    year = {2017},
    organization = {IEEE},
}

@inproceedings{egelman:icse2020,
    title = {Predicting developers' negative feelings about code review},
    author = {Egelman, Carolyn D and Murphy-Hill, Emerson and Kammer, Elizabeth
              and Hodges, Margaret Morrow and Green, Collin and Jaspan, Ciera and
              Lin, James},
    booktitle = {Proceedings of the ACM/IEEE 42nd International Conference on
                 Software Engineering},
    pages = {174--185},
    year = {2020},
}

@article{guo2020review,
    title = {Review sharing via deep semi-supervised code clone detection},
    author = {Guo, Chenkai and Yang, Hui and Huang, Dengrong and Zhang, Jianwen
              and Dong, Naipeng and Xu, Jing and Zhu, Jingwen},
    journal = {IEEE Access},
    volume = {8},
    pages = {24948--24965},
    year = {2020},
    publisher = {IEEE},
}

@inproceedings{gupta:sigkdd2018,
    title = {Intelligent code reviews using deep learning},
    author = {Gupta, Anshul and Sundaresan, Neel},
    booktitle = {Proceedings of the 24th ACM SIGKDD International Conference on
                 Knowledge Discovery and Data Mining (KDD’18) Deep Learning Day},
    year = {2018},
}

@inproceedings{siow:saner2020,
    title = {Core: Automating review recommendation for code changes},
    author = {Siow, Jing Kai and Gao, Cuiyun and Fan, Lingling and Chen, Sen and
              Liu, Yang},
    booktitle = {2020 IEEE 27th International Conference on Software Analysis,
                 Evolution and Reengineering (SANER)},
    pages = {284--295},
    year = {2020},
    organization = {IEEE},
}

@inproceedings{ueda:iwsc2019,
    title = {Mining source code improvement patterns from similar code review
             works},
    author = {Ueda, Yuki and Ishio, Takashi and Ihara, Akinori and Matsumoto,
              Kenichi},
    booktitle = {2019 IEEE 13th International Workshop on Software Clones (IWSC)
                 },
    pages = {13--19},
    year = {2019},
    organization = {IEEE},
}

@inproceedings{patanamon:icse2022,
    author = {Patanamon Thongtanunam and Chanathip Pornprasit and Chakkrit
              Tantithamthavorn},
    title = {AutoTransform: Automated Code Transformation to Support Modern Code
             Review Process},
    booktitle = {44th {IEEE/ACM} International Conference on Software
                 Engineering, {ICSE}},
    pages = {237-248},
    year = {2022},
}

@inproceedings{maddila:esefse2019,
    title = {Predicting pull request completion time: a case study on large
             scale cloud services},
    author = {Maddila, Chandra and Bansal, Chetan and Nagappan, Nachiappan},
    booktitle = {Proceedings of the 2019 27th acm joint meeting on european
                 software engineering conference and symposium on the foundations
                 of software engineering},
    pages = {874--882},
    year = {2019},
}

@inproceedings{shan:esecfse2022,
    title = {Using nudges to accelerate code reviews at scale},
    author = {Shan, Qianhua and Sukhdeo, David and Huang, Qianying and Rogers,
              Seth and Chen, Lawrence and Paradis, Elise and Rigby, Peter C and
              Nagappan, Nachiappan},
    booktitle = {Proceedings of the 30th ACM Joint European Software Engineering
                 Conference and Symposium on the Foundations of Software
                 Engineering},
    pages = {472--482},
    year = {2022},
}

@article{raffel:jmlr2019,
    author = {Colin Raffel and Noam Shazeer and Adam Roberts and Katherine Lee
              and Sharan Narang and Michael Matena and Yanqi Zhou and Wei Li and
              Peter J. Liu},
    title = {Exploring the Limits of Transfer Learning with a Unified
             Text-to-Text Transformer},
    journal = {J. Mach. Learn. Res.},
    volume = {21},
    number = {},
    pages = {140:1--140:67},
    year = {2020},
}

@article{tufano:icse2021,
    author = {Rosalia Tufano and Luca Pascarella and Michele Tufano and Denys
              Poshyvanyk and Gabriele Bavota},
    title = {Towards Automating Code Review Activities},
    journal = {CoRR},
    volume = {abs/2101.02518},
    year = {2021},
    url = {https://arxiv.org/abs/2101.02518},
    eprinttype = {arXiv},
    eprint = {2101.02518},
    timestamp = {Thu, 21 Jan 2021 14:42:30 +0100},
    biburl = {https://dblp.org/rec/journals/corr/abs-2101-02518.bib},
    bibsource = {dblp computer science bibliography, https://dblp.org},
}

@misc{so_dump,
    title = {Stack Exchange Dumps},
    howpublished = {\url{https://archive.org/details/stackexchange}},
}

@article{Java:CodeSearchNet,
    author = {Hamel Husain and Ho{-}Hsiang Wu and Tiferet Gazit and Miltiadis
              Allamanis and Marc Brockschmidt},
    title = {CodeSearchNet Challenge: Evaluating the State of Semantic Code
             Search},
    journal = {CoRR},
    volume = {abs/1909.09436},
    year = {2019},
    url = {http://arxiv.org/abs/1909.09436},
}

@inproceedings{papineni2002bleu,
    title = {Bleu: a method for automatic evaluation of machine translation},
    author = {Papineni, Kishore and Roukos, Salim and Ward, Todd and Zhu,
              Wei-Jing},
    booktitle = {Proceedings of the 40th annual meeting of the Association for
                 Computational Linguistics},
    pages = {311--318},
    year = {2002},
}

@misc{chen2021,
    title = {Evaluating Large Language Models Trained on Code},
    author = {Mark Chen and Jerry Tworek and Heewoo Jun and Qiming Yuan and
              Henrique Ponde de Oliveira Pinto and Jared Kaplan and Harri Edwards
              and Yuri Burda and Nicholas Joseph and Greg Brockman and Alex Ray
              and Raul Puri and Gretchen Krueger and Michael Petrov and Heidy
              Khlaaf and Girish Sastry and Pamela Mishkin and Brooke Chan and
              Scott Gray and Nick Ryder and Mikhail Pavlov and Alethea Power and
              Lukasz Kaiser and Mohammad Bavarian and Clemens Winter and Philippe
              Tillet and Felipe Petroski Such and Dave Cummings and Matthias
              Plappert and Fotios Chantzis and Elizabeth Barnes and Ariel
              Herbert-Voss and William Hebgen Guss and Alex Nichol and Alex Paino
              and Nikolas Tezak and Jie Tang and Igor Babuschkin and Suchir
              Balaji and Shantanu Jain and William Saunders and Christopher Hesse
              and Andrew N. Carr and Jan Leike and Josh Achiam and Vedant Misra
              and Evan Morikawa and Alec Radford and Matthew Knight and Miles
              Brundage and Mira Murati and Katie Mayer and Peter Welinder and Bob
              McGrew and Dario Amodei and Sam McCandlish and Ilya Sutskever and
              Wojciech Zaremba},
    year = {2021},
    eprint = {2107.03374},
    archivePrefix = {arXiv},
    primaryClass = {cs.LG},
    url = {https://arxiv.org/abs/2107.03374},
}
@misc{cassano2022,
    title = {MultiPL-E: A Scalable and Extensible Approach to Benchmarking
             Neural Code Generation},
    author = {Federico Cassano and John Gouwar and Daniel Nguyen and Sydney
              Nguyen and Luna Phipps-Costin and Donald Pinckney and Ming-Ho Yee
              and Yangtian Zi and Carolyn Jane Anderson and Molly Q Feldman and
              Arjun Guha and Michael Greenberg and Abhinav Jangda},
    year = {2022},
    eprint = {2208.08227},
    archivePrefix = {arXiv},
    primaryClass = {cs.LG},
    url = {https://arxiv.org/abs/2208.08227},
}

@inproceedings{Zhang_2024,
    series = {ICSE ’24},
    title = {Learning-based Widget Matching for Migrating GUI Test Cases},
    url = {http://dx.doi.org/10.1145/3597503.3623322},
    DOI = {10.1145/3597503.3623322},
    booktitle = {Proceedings of the IEEE/ACM 46th International Conference on
                 Software Engineering},
    publisher = {ACM},
    author = {Zhang, Yakun and Zhang, Wenjie and Ran, Dezhi and Zhu, Qihao and
              Dou, Chengfeng and Hao, Dan and Xie, Tao and Zhang, Lu},
    year = {2024},
    month = feb,
    pages = {1–13},
    collection = {ICSE ’24},
}

@inproceedings{jimenez2024swebench,
    title = {{SWE}-bench: Can Language Models Resolve Real-world Github Issues?},
    author = {Carlos E Jimenez and John Yang and Alexander Wettig and Shunyu Yao
              and Kexin Pei and Ofir Press and Karthik R Narasimhan},
    booktitle = {The Twelfth International Conference on Learning
                 Representations},
    year = {2024},
    url = {https://openreview.net/forum?id=VTF8yNQM66},
}

@misc{tian2024debugbench,
    title = {DebugBench: Evaluating Debugging Capability of Large Language
             Models},
    author = {Runchu Tian and Yining Ye and Yujia Qin and Xin Cong and Yankai
              Lin and Yinxu Pan and Yesai Wu and Haotian Hui and Weichuan Liu and
              Zhiyuan Liu and Maosong Sun},
    year = {2024},
    eprint = {2401.04621},
    archivePrefix = {arXiv},
    primaryClass = {cs.SE},
    url = {https://arxiv.org/abs/2401.04621},
}

@misc{guo2024codeeditorbench,
    title = {CodeEditorBench: Evaluating Code Editing Capability of Large
             Language Models},
    author = {Jiawei Guo and Ziming Li and Xueling Liu and Kaijing Ma and Tianyu
              Zheng and Zhouliang Yu and Ding Pan and Yizhi LI and Ruibo Liu and
              Yue Wang and Shuyue Guo and Xingwei Qu and Xiang Yue and Ge Zhang
              and Wenhu Chen and Jie Fu},
    year = {2024},
    eprint = {2404.03543},
    archivePrefix = {arXiv},
    primaryClass = {cs.SE},
}

@misc{zeng2024coderujb,
    title = {CoderUJB: An Executable and Unified Java Benchmark for Practical
             Programming Scenarios},
    author = {Zhengran Zeng and Yidong Wang and Rui Xie and Wei Ye and Shikun
              Zhang},
    year = {2024},
    eprint = {2403.19287},
    archivePrefix = {arXiv},
    primaryClass = {cs.SE},
    url = {https://arxiv.org/abs/2403.19287},
}

@inproceedings{Dabic:msr2021data,
    author = {Ozren Dabic and Emad Aghajani and Gabriele Bavota},
    title = {Sampling Projects in GitHub for {MSR} Studies},
    booktitle = {18th {IEEE/ACM} International Conference on Mining Software
                 Repositories, {MSR} 2021},
    pages = {560--564},
    publisher = {{IEEE}},
    year = {2021},
}
